%%\bibitem{mtk} M. Kotschenreuther, IFS-ICES Seminar Lectures
%%\bibitem{cyclone} Dimints et al, Phys Plasma 7(2000) 969

%%% Refer to https://www.overleaf.com/learn/latex/Bibliography_management_in_LaTeX
@book{Chen,
    title = {Introduction to Plasma Physics and Controlled Fusion},
    author = {Francis F Chen},
    isbn = {978-3-319-22308-7},
    series = {Third Edition},
    year = {2006},
    publisher = {Springer},
    keywords = {physics}
}

@book{Vd,
    title = {Introduction to Plasma Physics and Controlled Fusion},
    author = {Francis F Chen},
    isbn = {978-3-319-22308-7},
    series = {Third Edition},
    year = {2006},
    publisher = {Springer},
    chapter = "2.3",
    keywords  = "Gyro-averaged"
}

@book{Tokamaks,
    title = {Tokamaks},
    author = {John Wesson},
    isbn = {0198509227},
    series = {Third Edition},
    year = {2004},
    publisher = {Clarendon Press},
    keywords = {physics}
}

@book{Handbook,
    title = {The Cambridge Handbook of Physics Formulas},
    author = {Graham Woan},
    isbn = {0521575079},
    series = {First Edition},
    year = {2000},
    publisher = {Cambridge University},
    keywords = {physics}
}

@book{Principle,
    title = {Principle of plasma physics},
    author = {Nicholas A. Krall and Alvin W. Trivelpiece},
    isbn = {0070353468},
    series = {First Edition},
    year = {1973},
    publisher = {McGraw-Hill Book Company},
    keywords = {physics}
}

@inbook{GyroEq,
    author = "John Wesson",
    title = "Tokamaks",
    publisher = "Clarendon Press",
    year = "2004",
    chapter = "2.11",
    keywords  = "Gyro-averaged"}
    
@article{MTM,
    author = "N T Gladd and et al",
    title = "Electron temperature gradient driven microreating mode",
    publisher = "The Physics of Fulids",
    year = "1980",
    DOI="10.1063/1.863119"
}

@inarticle{iter_scale,
    author = "Steve Cowley and et al",
    title = "From ITER Time-scales o Gyro-Kinetics",
    publisher = "ITER",
    year = "2008",
    chapter = "3",
    DOI="https://www-thphys.physics.ox.ac.uk/people/AlexanderSchekochihin/wpi/workshop3_pdfs/cowley.pdf"
}

@article{coll,
    author = "Felix I. Parra",
    title = "Fokker-Planck collision operator",
    publisher = "Rudolf Peierls Centre for Theoretical Physics",
    year = "2019"
}

@article{coll2,
    author = "Joseph T. Parker and Paul J. Dellar",
    title = "Fourier–Hermite spectral representation for the Vlasov–Poisson system in the weakly collisional limit",
    publisher = "Journal of Plasma physics",
    year = "2015",
    DOI= "10.1017/S0022377814001287"
}

@article{formula,
    author = "J.D. Huba",
    title = "NRL PLASMA FORMULARY",
    publisher = "The Office of Naval Research",
    year = "2013",
    DOI= "http://citeseerx.ist.psu.edu/viewdoc/download?doi=10.1.1.705.1527&rep=rep1&type=pdf"
}

@article{krook,
  title = {A Model for Collision Processes in Gases. I. Small Amplitude Processes in Charged and Neutral One-Component Systems},
  author = {Bhatnagar, P. L. and Gross, E. P. and Krook, M.},
  journal = {Phys. Rev.},
  volume = {94},
  issue = {3},
  pages = {511--525},
  numpages = {0},
  year = {1954},
  month = {May},
  publisher = {American Physical Society},
  doi = {10.1103/PhysRev.94.511},
  url = {https://link.aps.org/doi/10.1103/PhysRev.94.511}
}

@inbook{QM,
    author = "David J. Griffiths",
    title = "Introduction to Quantum Mechanics",
    publisher = "Pearson Prentice Hall",
    year = "2004",
    chapter = "2.3",
    keywords  = "The Harmonic oscillator"}
    
@article{merz,
    author = "Vorgelegt Von and Florian Merz and
Aus Rottweil",
    title = "GYROKINETIC SIMULATION OF MULTIMODE PLASMA TURBULENCE",
    year = "2008",
    DOI= "http://hdl.handle.net/11858/00-001M-0000-0026-FDD2-1"
}

@article{tearing_parity,
    author = "J. W. Connor and FL J. Hastie and J. B. Taylor ",
    title = "Resonant magnetohydrodynamic modes with toroidal coupling.Part II: Ballooning-twisting modes ",
    year = "1991",
    DOI= "https://doi.org/10.1063/1.866840"
}

@article{Ballooning_transformation,
    author = "John William Connor, R. J. Hastie and John Bryan Taylor",
    title = "High mode number stability of an axisymmetric toroidal plasma",
    year = "1979",
    DOI= "https://doi.org/10.1098/rspa.1979.0001"
}


@article{MTM_RH,
    author = "R. D. Hazeltine and D. Dobrott and T. S. Wang ",
    publisher = "The Physics of Fluids",
    title = "Kinetic theory of tearing instability",
    year = "1975",
    DOI= "10.1063/1.861097"
}

@article{general_review,
    author = "B.B. Kadomtsev and O.P. Pogutse",
    publisher = "Review of Plsma physics",
    title = "Turbulence in Toroidal System",
    year = "1970",
    iSBN= "64-23244"
}

@article{parity,
    author = "A Ishizawa and others",
    publisher = "Plasma Physics and Controlled Fusion",
    title = "Multi-scale interactions between turbulence and
magnetic islands and parity mixture—a review",
    year = "2019",
    DOI= "https://doi.org/10.1088/1361-6587/ab06a8"
}